@www{eMAG,
      title  = "Modelo de Acessibilidade em Governo Eletrônico",
      author = "Portal de Governo Eletrônico  do Brasil",
      urlaccessdate = "22/03/2015",
      url    = "\url{http://www.governoeletronico.gov.br/acoes-e-projetos/e-MAG}"
}